<record><leader>00000cas a22000007a 4500</leader><controlfield tag="001">11997815</controlfield><controlfield tag="008">850504d18871917wiuwr ne      0    0eng d</controlfield><datafield ind1=" " ind2=" " tag="010"><subfield code="a">sn 85040577 </subfield></datafield><datafield ind1=" " ind2=" " tag="040"><subfield code="a">NPV</subfield><subfield code="b">eng</subfield><subfield code="c">NPV</subfield><subfield code="d">NYS</subfield><subfield code="d">OCLCQ</subfield></datafield><datafield ind1=" " ind2=" " tag="042"><subfield code="a">msc</subfield></datafield><datafield ind1=" " ind2=" " tag="045"><subfield code="a">w8x1</subfield></datafield><datafield ind1=" " ind2=" " tag="052"><subfield code="a">4123</subfield><subfield code="b">J4</subfield></datafield><datafield ind1="0" ind2=" " tag="130"><subfield code="a">Jefferson County union (Fort Atkinson, Wis. : Gem ed.)</subfield></datafield><datafield ind1="1" ind2="0" tag="245"><subfield code="a">Jefferson Co. union.</subfield></datafield><datafield ind1="3" ind2="0" tag="246"><subfield code="a">Jefferson County union</subfield></datafield><datafield ind1=" " ind2=" " tag="250"><subfield code="a">Gem ed.</subfield></datafield><datafield ind1=" " ind2=" " tag="260"><subfield code="a">Fort Atkinson, Wis. :</subfield><subfield code="b">[W.D. Hoard],</subfield><subfield code="c">-1889.</subfield></datafield><datafield ind1=" " ind2=" " tag="300"><subfield code="a">2 v. :</subfield><subfield code="b">ill.</subfield></datafield><datafield ind1=" " ind2=" " tag="310"><subfield code="a">Weekly</subfield></datafield><datafield ind1="0" ind2=" " tag="362"><subfield code="a">-v. 19, no. 45 (Jan. 3, 1889).</subfield></datafield><datafield ind1="1" ind2=" " tag="362"><subfield code="a">Began with Dec. 2, 1887 issue?</subfield></datafield><datafield ind1=" " ind2=" " tag="500"><subfield code="a">Title varies: Jefferson County union, Jan. 5, 1887-Jan. 3, 1889.</subfield></datafield><datafield ind1=" " ind2=" " tag="500"><subfield code="a">Editor: W.D. Hoard.</subfield></datafield><datafield ind1=" " ind2=" " tag="580"><subfield code="a">Also published in other eds.: a general ed., 1870-1946 (called Home ed. 1887-1917); City ed., Dairy ed., Half-German ed., 1887?-1917?</subfield></datafield><datafield ind1=" " ind2=" " tag="588"><subfield code="a">Description based on: Vol. 18, no. 40 (Dec. 2, 1887).</subfield></datafield><datafield ind1=" " ind2=" " tag="752"><subfield code="a">United States</subfield><subfield code="b">Wisconsin</subfield><subfield code="c">Jefferson</subfield><subfield code="d">Fort Atkinson.</subfield></datafield><datafield ind1="1" ind2=" " tag="775"><subfield code="t">Jefferson county union (Lake Mills, Wis.)</subfield><subfield code="w">(DLC)sn 85033070</subfield></datafield><datafield ind1="1" ind2=" " tag="775"><subfield code="t">Jefferson County union (Fort Atkinson, Wis. : City ed.)</subfield><subfield code="w">(DLC)sn 85040576</subfield></datafield><datafield ind1="1" ind2=" " tag="775"><subfield code="t">Jefferson County union (Fort Atkinson, Wis. : Dairy ed.)</subfield><subfield code="w">(DLC)sn 85040578</subfield></datafield><datafield ind1="1" ind2=" " tag="775"><subfield code="t">Jefferson County union (Fort Atkinson, Wis. : Half-German ed.)</subfield><subfield code="w">(DLC)sn 85040575</subfield></datafield><datafield ind1="1" ind2=" " tag="029"><subfield code="a">AU@</subfield><subfield code="b">000020379628</subfield></datafield></record>